%%%%%%%%%%%NEW CITATIONS USED

%1
%https://www.ocf.berkeley.edu/~djhoward/reports/Report%20-%20Public%20Perceptions%20of%20Self%20Driving%20Cars.pdf
@inproceedings{howard2014public,
  title={Public perceptions of self-driving cars: The case of Berkeley, California},
  author={Howard, Daniel and Dai, Danielle},
  booktitle={Transportation research board 93rd annual meeting},
  volume={14},
  number={4502},
  pages={1--16},
  year={2014}
}

%2
%https://towardsdatascience.com/image-recognition-with-machine-learning-on-python-image-processing-3abe6b158e9a 
@misc{lebanimg,
  title = {Image recognition with Machine Learning on Python, Image processing},
  author={Leban, Johnathan},
  howpublished = {\url{https://towardsdatascience.com/image-recognition-with-machine-learning-on-python-image-processing-3abe6b158e9a}},
  note = {Accessed: 2020-10-20}
}

%3
%https://arxiv.org/pdf/1703.10593v6.pdf
@inproceedings{zhu2017unpaired,
  title={Unpaired image-to-image translation using cycle-consistent adversarial networks},
  author={Zhu, Jun-Yan and Park, Taesung and Isola, Phillip and Efros, Alexei A},
  booktitle={Proceedings of the IEEE international conference on computer vision},
  pages={2223--2232},
  year={2017}
}


%4
%https://apps.apple.com/us/app/instalab-instant-films/id1113395996
@misc{instalab,
  title = {InstaLab iOS App},
  author={Easybluecode},
  howpublished = {\url{https://apps.apple.com/us/app/instalab-instant-films/id1113395996}},
  note = {Accessed: 2020-10-20}
}

%5
%https://research.utwente.nl/files/6039479/luukspreeuwers_phdthesis.pdf
@article{spreeuwers1994image,
  title={Image filtering with neural networks: Applications and performance evaluation.},
  author={Spreeuwers, Lieuwe Jan},
  year={1994}
}

%6
%https://arxiv.org/pdf/1611.07004v1.pdf
@inproceedings{isola2017image,
  title={Image-to-image translation with conditional adversarial networks},
  author={Isola, Phillip and Zhu, Jun-Yan and Zhou, Tinghui and Efros, Alexei A},
  booktitle={Proceedings of the IEEE conference on computer vision and pattern recognition},
  pages={1125--1134},
  year={2017}
}

%placeholder
@misc{citationREMOVED,
  title = { },
  author={ },
  note = {One, or more, Self-Reference Citations were Removed for Double Blind Peer Review.},
  year={}
}


%Jorge Fonseca Citations For Reference

@misc{fonseca-dissertation,
  title = {Improving OCR Post Processing with Machine Learning Tools},
  author={Fonseca Cacho, Jorge Ram{\'o}n},
  note = {Phd diss., University of Nevada, Las Vegas},
  year={2019}
}

@incollection{fonseca2018reproducible,
  title={Reproducible Research in Document Analysis and Recognition},
  author={Fonseca Cacho, Jorge Ram{\'o}n and Taghva, Kazem},
  booktitle={Information Technology-New Generations},
  pages={389--395},
  year={2018},
  publisher={Springer}
}

@inproceedings{fonseca2019google1t,
  title={Using the Google Web 1T 5-Gram Corpus for OCR Error Correction},
  author={Fonseca Cacho, Jorge Ram{\'o}n and Taghva, Kazem and Alvarez, Daniel},
  booktitle={16th International Conference on Information Technology-New Generations (ITNG 2019)},
  pages={505--511},
  year={2019},
  organization={Springer}
}

@inproceedings{fonseca2019aligning,
  title={Aligning Ground Truth Text with OCR Degraded Text},
  author={Fonseca Cacho, Jorge Ram{\'o}n and Taghva, Kazem},
  booktitle={Intelligent Computing-Proceedings of the Computing Conference},
  pages={815--833},
  year={2019},
  organization={Springer}
}

@inproceedings{fonseca2020state,
  title={The state of reproducible research in computer science},
  author={Cacho, Jorge Ram{\'o}n Fonseca and Taghva, Kazem},
  booktitle={17th International Conference on Information Technology--New Generations (ITNG 2020)},
  pages={519--524},
  year={2020},
  organization={Springer}
}

%8
%https://openaccess.thecvf.com/content_cvpr_2016/papers/Pathak_Context_Encoders_Feature_CVPR_2016_paper.pdf
@InProceedings{Pathak_2016_CVPR,
author = {Pathak, Deepak and Krahenbuhl, Philipp and Donahue, Jeff and Darrell, Trevor and Efros, Alexei A.},
title = {Context Encoders: Feature Learning by Inpainting},
booktitle = {Proceedings of the IEEE Conference on Computer Vision and Pattern Recognition (CVPR)},
month = {June},
year = {2016}
}

%9
%http://papers.nips.cc/paper/5423-generative-adversarial-nets.pdf
@inproceedings{NIPS2014_5423,
title = {Generative Adversarial Nets},
author = {Goodfellow, Ian and Pouget-Abadie, Jean and Mirza, Mehdi and Xu, Bing and Warde-Farley, David and Ozair, Sherjil and Courville, Aaron and Bengio, Yoshua},
booktitle = {Advances in Neural Information Processing Systems 27},
editor = {Z. Ghahramani and M. Welling and C. Cortes and N. D. Lawrence and K. Q. Weinberger},
pages = {2672--2680},
year = {2014},
publisher = {Curran Associates, Inc.},
url = {http://papers.nips.cc/paper/5423-generative-adversarial-nets.pdf}
}

